@misc{unade2025,
  author       = {{Universidad Americana de Europa}},
  title        = {Inicio},
  year         = {2025},
  url          = {https://unade.edu.mx/},
  note         = {Consultado el 2 de septiembre de 2025},
}
